@misc{wiki,
    title={Elo rating system}, 
    url={https://en.wikipedia.org/wiki/Elo_rating_system}, 
    journal={Wikipedia}, 
    author={Contributors to Wikimedia projects}, 
    year={2024}, 
    month={Jan}
}
@misc{glickoDoc,
    title={The Glicko system}, 
    url={http://www.glicko.net/glicko/glicko.pdf}, 
    publisher={Harvard University}
    author={Dr. Mark E. Glickman}, 
    year={2016},
    month={Sept}
}
@misc{glickoPaper,
    title={Parameter estimation in large dynamic paired comparison experiments}, 
    url={http://www.glicko.net/research/glicko.pdf}, 
    publisher={Boston University, USA}
    author={Mark E. Glickman}, 
    year={1998},
    month={Jun}
}
@misc{glickoWiki,
    title={Glicko rating system}, 
    url={https://en.wikipedia.org/wiki/Glicko_rating_system}, 
    journal={Wikipedia}, 
    author={Contributors to Wikimedia projects}, 
    year={2024}, 
    month={Jan}
}

    
